<record><leader>00000cas a2200000 a 4500</leader><controlfield tag="001">12102127</controlfield><controlfield tag="008">850531d18711871ksudn ne      0    0eng c</controlfield><datafield ind1=" " ind2=" " tag="010"><subfield code="a">sn 85029331 </subfield></datafield><datafield ind1=" " ind2=" " tag="040"><subfield code="a">KSH</subfield><subfield code="b">eng</subfield><subfield code="c">KSH</subfield><subfield code="d">NPT</subfield><subfield code="d">NPX</subfield><subfield code="d">DLC</subfield><subfield code="d">OBN</subfield><subfield code="d">OCL</subfield><subfield code="d">OCLCQ</subfield><subfield code="d">DLC</subfield><subfield code="d">CUI</subfield><subfield code="d">OCLCQ</subfield><subfield code="d">OCLCF</subfield></datafield><datafield ind1="1" ind2=" " tag="029"><subfield code="a">AU@</subfield><subfield code="b">000024692568</subfield></datafield><datafield ind1=" " ind2=" " tag="042"><subfield code="a">pcc</subfield></datafield><datafield ind1=" " ind2=" " tag="043"><subfield code="a">n-us-ks</subfield></datafield><datafield ind1="0" ind2="0" tag="050"><subfield code="a">Newspaper 7841</subfield></datafield><datafield ind1=" " ind2="4" tag="050"><subfield code="a">AN</subfield></datafield><datafield ind1="0" ind2="0" tag="245"><subfield code="a">Leavenworth times and bulletin.</subfield></datafield><datafield ind1="3" ind2=" " tag="246"><subfield code="a">Times &amp; bulletin</subfield></datafield><datafield ind1=" " ind2=" " tag="260"><subfield code="a">Leavenworth, Kan. :</subfield><subfield code="b">[s.n.]</subfield></datafield><datafield ind1=" " ind2=" " tag="300"><subfield code="a">v.</subfield></datafield><datafield ind1=" " ind2=" " tag="310"><subfield code="a">Daily (except Mon.)</subfield></datafield><datafield ind1="0" ind2=" " tag="362"><subfield code="a">Vol. 23, no. 77 (Apr. 2, 1871)-v. 23, no. 106 (May 5, 1871).</subfield></datafield><datafield ind1=" " ind2=" " tag="530"><subfield code="a">Also issued on microfilm from Micro Photo Division, Bell &amp; Howell Co.</subfield></datafield><datafield ind1=" " ind2="0" tag="651"><subfield code="a">Leavenworth (Kan.)</subfield><subfield code="v">Newspapers.</subfield></datafield><datafield ind1=" " ind2="0" tag="651"><subfield code="a">Leavenworth County (Kan.)</subfield><subfield code="v">Newspapers.</subfield></datafield><datafield ind1=" " ind2="7" tag="655"><subfield code="a">Newspapers.</subfield><subfield code="2">fast</subfield><subfield code="0">(OCoLC)fst01423814</subfield></datafield><datafield ind1=" " ind2="7" tag="651"><subfield code="a">Kansas</subfield><subfield code="z">Leavenworth.</subfield><subfield code="2">fast</subfield><subfield code="0">(OCoLC)fst01224591</subfield></datafield><datafield ind1=" " ind2="7" tag="651"><subfield code="a">Kansas</subfield><subfield code="z">Leavenworth County.</subfield><subfield code="2">fast</subfield><subfield code="0">(OCoLC)fst01217671</subfield></datafield><datafield ind1=" " ind2=" " tag="752"><subfield code="a">United States</subfield><subfield code="b">Kansas</subfield><subfield code="c">Leavenworth</subfield><subfield code="d">Leavenworth.</subfield></datafield><datafield ind1="0" ind2=" " tag="775"><subfield code="t">Leavenworth weekly times (Leavenworth, Kan. : 1870)</subfield><subfield code="w">(DLC)sn 84027691</subfield><subfield code="w">(OCoLC)11425470</subfield></datafield><datafield ind1="0" ind2="4" tag="780"><subfield code="t">Leavenworth daily times (Leavenworth, Kan. : 1870)</subfield><subfield code="w">(DLC)sn 85029330</subfield><subfield code="w">(OCoLC)12102101</subfield></datafield><datafield ind1="0" ind2="4" tag="780"><subfield code="t">Leavenworth bulletin (Leavenworth, Kan. : 1869)</subfield><subfield code="w">(DLC)sn 85029610</subfield><subfield code="w">(OCoLC)12109557</subfield></datafield><datafield ind1="0" ind2="0" tag="785"><subfield code="t">Leavenworth daily times (Leavenworth, Kan. : 1871)</subfield><subfield code="w">(DLC)sn 84027690</subfield><subfield code="w">(OCoLC)11425467</subfield></datafield></record>